@Book{hottbook,
  author =    {The {Univalent Foundations Program}},
  title =     {Homotopy Type Theory: Univalent Foundations of Mathematics},
  publisher = {\url{https://homotopytypetheory.org/book}},
  address =   {Institute for Advanced Study},
  year =      2013}

@misc{devalapurkar2019james,
    title={The James and Hilton-Milnor Splittings, & the metastable EHP sequence},
    author={Sanath K. Devalapurkar and Peter J. Haine},
    year={2019},
    eprint={1912.04130},
    archivePrefix={arXiv},
    primaryClass={math.AT}
}

@misc{rijke2019classifying,
    title={Classifying Types},
    author={Egbert Rijke},
    year={2019},
    eprint={1906.09435},
    archivePrefix={arXiv},
    primaryClass={math.LO}
}



